<record xmlns="http://www.loc.gov/MARC21/slim" xmlns:xsi="http://www.w3.org/2001/XMLSchema-instance" xsi:schemaLocation="http://www.loc.gov/MARC21/slim http://www.loc.gov/standards/marcxml/schema/MARC21slim.xsd"><leader>01457nam a2200313   4500</leader><controlfield tag="001">002823652</controlfield><controlfield tag="003">NNU</controlfield><controlfield tag="006">m        d        </controlfield><controlfield tag="007">cr cn |||m|||a</controlfield><controlfield tag="008">150223m19289999le      o     000 0 ara d</controlfield><datafield ind1=" " ind2=" " tag="040"><subfield code="a">NNU</subfield><subfield code="b">eng</subfield><subfield code="c">NNU</subfield></datafield><datafield ind1=" " ind2=" " tag="066"><subfield code="c">(3</subfield></datafield><datafield ind1=" " ind2=" " tag="090"><subfield code="a">PJ7701.6.T35</subfield><subfield code="b">Z6 1928</subfield></datafield><datafield ind1="1" ind2=" " tag="100"><subfield code="6">880-01</subfield><subfield code="a">Aswad, Mul&#7717;im Ibr&#257;h&#299;m</subfield></datafield><datafield ind1="1" ind2="0" tag="245"><subfield code="6">880-02</subfield><subfield code="a">Badr al-tam&#257;m f&#299; shar&#7717; d&#299;w&#257;n Ab&#299; Tamm&#257;m</subfield><subfield code="h">[electronic resource] /</subfield><subfield code="c">Milhim Ibr&#257;h&#299;m al-Aswad.</subfield></datafield><datafield ind1=" " ind2=" " tag="260"><subfield code="6">880-03</subfield><subfield code="a">Bayr&#363;t :</subfield><subfield code="b">Ily&#257;s Qawzm&#257;,</subfield><subfield code="c">1928-</subfield></datafield><datafield ind1=" " ind2=" " tag="300"><subfield code="a">online resource (v.)</subfield></datafield><datafield ind1=" " ind2=" " tag="500"><subfield code="a">Part of the Arabic Collections Online (ACO) project, contributed by New York Univeristy Libraries.</subfield></datafield><datafield ind1=" " ind2=" " tag="533"><subfield code="a">Electronic reproduction.</subfield><subfield code="b">New York, N.Y. :</subfield><subfield code="c">New York University,</subfield><subfield code="d">2015.</subfield><subfield code="5">NNU</subfield></datafield><datafield ind1="0" ind2="0" tag="600"><subfield code="a">Ab&#363; Tamm&#257;m &#7716;ab&#299;b ibn Aws al-&#7788;&#257;&#700;&#299;,</subfield><subfield code="d">fl. 808-842.</subfield></datafield><datafield ind1="2" ind2=" " tag="710"><subfield code="a">New York University.</subfield><subfield code="b">Libraries.</subfield></datafield><datafield ind1="0" ind2=" " tag="730"><subfield code="a">Arabic Collections Online.</subfield></datafield><datafield ind1="0" ind2="8" tag="776"><subfield code="i">Print version:</subfield><subfield code="a">Aswad, Mul&#7717;im Ibr&#257;h&#299;m 880-01</subfield><subfield code="t">Badr al-tam&#257;m f&#299; shar&#7717; d&#299;w&#257;n Ab&#299; Tamm&#257;m</subfield><subfield code="w">(NNU)002823652</subfield></datafield><datafield ind1="4" ind2="0" tag="856"><subfield code="u">http://hdl.handle.net/2333.1/k0p2njrt</subfield></datafield><datafield ind1="1" ind2=" " tag="880"><subfield code="6">100-01/</subfield><subfield code="a">&#1571;&#1587;&#1608;&#1583;&#1548; &#1605;&#1604;&#1581;&#1605; &#1575;&#1576;&#1585;&#1575;&#1607;&#1610;&#1605;.</subfield></datafield><datafield ind1="1" ind2="0" tag="880"><subfield code="6">245-02/</subfield><subfield code="a">&#1576;&#1583;&#1585; &#1575;&#1604;&#1578;&#1605;&#1575;&#1605; &#1601;&#1610; &#1588;&#1585;&#1581; &#1583;&#1610;&#1608;&#1575;&#1606; &#1571;&#1576;&#1610; &#1578;&#1605;&#1575;&#1605; /</subfield><subfield code="c">&#1605;&#1604;&#1581;&#1605; &#1575;&#1576;&#1585;&#1575;&#1607;&#1610;&#1605; &#1575;&#1604;&#1571;&#1587;&#1608;&#1583;.</subfield></datafield><datafield ind1=" " ind2=" " tag="880"><subfield code="6">260-03/</subfield><subfield code="a">&#1576;&#1610;&#1585;&#1608;&#1578; :</subfield><subfield code="b">&#1575;&#1604;&#1610;&#1575;&#1587; &#1602;&#1608;&#1586;&#1605;&#1575;&#1548;</subfield><subfield code="c">&#1633;&#1641;&#1634;&#1640;-</subfield></datafield><datafield ind1=" " ind2=" " tag="959"><subfield code="a">NNU</subfield><subfield code="b">WEB</subfield><subfield code="c">GENI</subfield><subfield code="t">0</subfield><subfield code="m">Electronic access</subfield><subfield code="s">01</subfield></datafield><datafield ind1=" " ind2=" " tag="999"><subfield code="i">NNU_002823652</subfield><subfield code="s">nyu_aco000102:v.1</subfield></datafield></record>